@book{poisel2012electronic,
  title={Electronic warfare target location methods},
  author={Poisel, Richard},
  year={2012},
  publisher={Artech House}
}

@article{dacos1995estimating,
  title={Estimating the manifold parameters of one-dimensional arrays of sensors},
  author={Dacos, I and Manikas, A},
  journal={Journal of the Franklin Institute},
  volume={332},
  number={3},
  pages={307--332},
  year={1995},
  publisher={Elsevier}
}

@inproceedings{karimi1996manifold,
  title={Manifold of a planar array and its effects on the accuracy of direction-finding systems},
  author={Karimi, HR and Manikas, A},
  booktitle={Radar, Sonar and Navigation, IEE Proceedings-},
  volume={143},
  number={6},
  pages={349--357},
  year={1996},
  organization={IET}
}

@inproceedings{sleiman2000antenna,
  title={Antenna array manifold: A simplified representation},
  author={Sleiman, A and Manikas, A},
  booktitle={Acoustics, Speech, and Signal Processing, 2000. ICASSP'00. Proceedings. 2000 IEEE International Conference on},
  volume={5},
  pages={3164--3167},
  year={2000},
  organization={IEEE}
}

@inproceedings{roy1986direction,
  title={Direction-of-arrival estimation by subspace rotation methods-ESPRIT},
  author={Roy, R and Paulraj, A and Kailath, T},
  booktitle={Acoustics, Speech, and Signal Processing, IEEE International Conference on ICASSP'86.},
  volume={11},
  pages={2495--2498},
  year={1986},
  organization={IEEE}
}

@article{gao2005generalized,
  title={A generalized ESPRIT approach to direction-of-arrival estimation},
  author={Gao, Feifei and Gershman, Alex B},
  journal={IEEE signal processing letters},
  volume={12},
  number={3},
  pages={254--257},
  year={2005}
}

@article{schmidt1986multiple,
  title={Multiple emitter location and signal parameter estimation},
  author={Schmidt, Ralph O},
  journal={Antennas and Propagation, IEEE Transactions on},
  volume={34},
  number={3},
  pages={276--280},
  year={1986},
  publisher={IEEE}
}

@article{belouchrani1999time,
  title={Time-frequency MUSIC},
  author={Belouchrani, Adel and Amin, Moeness G},
  journal={Signal Processing Letters, IEEE},
  volume={6},
  number={5},
  pages={109--110},
  year={1999},
  publisher={IEEE}
}

@article{krim1996two,
  title={Two decades of array signal processing research: the parametric approach},
  author={Krim, Hamid and Viberg, Mats},
  journal={Signal Processing Magazine, IEEE},
  volume={13},
  number={4},
  pages={67--94},
  year={1996},
  publisher={IEEE}
}

@inproceedings{manikas1997comparison,
  title={Comparison of the ultimate direction-finding capabilities of a number of planar array geometries},
  author={Manikas, A and Alexiou, A and Karimi, HR},
  booktitle={Radar, Sonar and Navigation, IEE Proceedings-},
  volume={144},
  number={6},
  pages={321--329},
  year={1997},
  organization={IET}
}

@book{tuncer2009classical,
  title={Classical and modern direction-of-arrival estimation},
  author={Tuncer, T Engin and Friedlander, Benjamin},
  year={2009},
  publisher={Academic Press}
}

@inproceedings{farrier1990direction,
  title={Direction of arrival estimation by subspace methods},
  author={Farrier, D},
  booktitle={Acoustics, Speech, and Signal Processing, 1990. ICASSP-90., 1990 International Conference on},
  pages={2651--2654},
  year={1990},
  organization={IEEE}
}

@article{desk1997electronic,
  title={Electronic Warfare and Radar Systems Engineering Handbook},
  author={Desk, EW Class},
  year={1997}
}
